@article{mordvintsev2020growing,
  author = {Mordvintsev, Alexander and Randazzo, Ettore and Niklasson, Eyvind and Levin, Michael},
  title = {Growing Neural Cellular Automata},
  journal = {Distill},
  year = {2020},
  note = {https://distill.pub/2020/growing-ca},
  doi = {10.23915/distill.00023}
}


@inproceedings{prudent2005incremental,
  title={An incremental growing neural gas learns topologies},
  author={Prudent, Yann and Ennaji, Abdellatif},
  booktitle={Proceedings. 2005 IEEE International Joint Conference on Neural Networks, 2005.},
  volume={2},
  pages={1211--1216},
  year={2005},
  organization={IEEE}
}

@article{fix2011dynamic,
  title={A dynamic neural field approach to the covert and overt deployment of spatial attention},
  author={Fix, J{\'e}r{\'e}my and Rougier, Nicolas and Alexandre, Fr{\'e}d{\'e}ric},
  journal={Cognitive Computation},
  volume={3},
  number={1},
  pages={279--293},
  year={2011},
  publisher={Springer}
}

@inproceedings{khacef2019self,
  title={Self-organizing neurons: toward brain-inspired unsupervised learning},
  author={Khacef, Lyes and Miramond, Beno{\^\i}t and Barrientos, Diego and Upegui, Andres},
  booktitle={2019 International Joint Conference on Neural Networks (IJCNN)},
  pages={1--9},
  year={2019},
  organization={IEEE}
}
