@inproceedings{bernard:hal-02058458,
  TITLE = {{NP-SOM: network programmable self-organizing maps}},
  AUTHOR = {Bernard, Yann and Buoy, Emeline and Fois, Adrien and Girau, Bernard},
  URL = {https://hal.inria.fr/hal-02058458},
  BOOKTITLE = {{2018 IEEE 30th International Conference on Tools with Artificial Intelligence (ICTAI)}},
  ADDRESS = {Volos, Greece},
  PUBLISHER = {{IEEE}},
  PAGES = {908-915},
  YEAR = {2018},
  MONTH = Nov,
  DOI = {10.1109/ICTAI.2018.00141},
  PDF = {https://hal.inria.fr/hal-02058458/file/NP_SOM__network_programmable_self_organizing_maps-2.pdf},
  HAL_ID = {hal-02058458},
  HAL_VERSION = {v1},
}

@inproceedings{bernard:hal-02156627,
  TITLE = {{Novelty detection with self-organizing maps for autonomous extraction of salient tracking features}},
  AUTHOR = {Bernard, Yann and Hueber, Nicolas and Girau, Bernard},
  URL = {https://hal.archives-ouvertes.fr/hal-02156627},
  BOOKTITLE = {{13th International Workshop on Self-Organizing Maps and Learning Vector Quantization, Clustering and Data Visualization}},
  ADDRESS = {Barcelona, Spain},
  YEAR = {2019},
  MONTH = Jun,
  DOI = {10.1007/978-3-030-19642-4\_10},
  KEYWORDS = {dynamic neural fields ; saliency map ; self-organizing maps},
  PDF = {https://hal.archives-ouvertes.fr/hal-02156627/file/WSOM_Paper___Novelty_Detection_by_Self_Organizing_maps_to_compute_salient_tracking_features.pdf},
  HAL_ID = {hal-02156627},
  HAL_VERSION = {v1},
}

@inproceedings{bernard:hal-02984424,
  TITLE = {{A fast algorithm to find Best Matching Units in Self-Organizing Maps}},
  AUTHOR = {Bernard, Yann and Hueber, Nicolas and Girau, Bernard},
  URL = {https://hal.univ-lorraine.fr/hal-02984424},
  BOOKTITLE = {{ICANN 2020, 29th International Conference on Artificial Neural Networks}},
  ADDRESS = {Bratislava, Slovakia},
  YEAR = {2020},
  MONTH = Sep,
  KEYWORDS = {Dimensionality Reduction ; Self-Organizing Maps ; Vector Quantization},
  PDF = {https://hal.univ-lorraine.fr/hal-02984424/file/ICANN___Fast_BMU%20%281%29.pdf},
  HAL_ID = {hal-02984424},
  HAL_VERSION = {v1},
}

@inproceedings{bernard:hal-02984427,
  TITLE = {{Novelty Detection in Images Using Vector Quantization with Topological Learning}},
  AUTHOR = {Bernard, Yann and Hueber, Nicolas and Girau, Bernard},
  URL = {https://hal.univ-lorraine.fr/hal-02984427},
  BOOKTITLE = {{ICECS 2020, 27th IEEE International Conference on Electronics Circuits and Systems}},
  ADDRESS = {Glasgow/Virtual, United Kingdom},
  YEAR = {2020},
  MONTH = Nov,
  PDF = {https://hal.univ-lorraine.fr/hal-02984427/file/ICECS_2020___Novelty_Detection%20%281%29.pdf},
  HAL_ID = {hal-02984427},
  HAL_VERSION = {v1},
}
