@article{amerijckx-compression,
  title={Image compression using self-organizing maps},
  author={Amerijckx, Christophe and Legat, J-D and Verleysen, Michel},
  journal={Systems analysis modelling simulation},
  volume={43},
  number={11},
  pages={1529--1543},
  year={2003},
  publisher={Taylor \& Francis}
}

@article{hripcsak-fmeasure,
  title={Agreement, the f-measure, and reliability in information retrieval},
  author={Hripcsak, George and Rothschild, Adam S},
  journal={Journal of the American medical informatics association},
  volume={12},
  number={3},
  pages={296--298},
  year={2005},
  publisher={BMJ Group BMA House, Tavistock Square, London, WC1H 9JR}
}


@article{huynh-psnr,
  title={Scope of validity of PSNR in image/video quality assessment},
  author={Huynh-Thu, Quan and Ghanbari, Mohammed},
  journal={Electronics letters},
  volume={44},
  number={13},
  pages={800--801},
  year={2008},
  publisher={IET}
}

@inproceedings{korhonen-psnr,
  title={Peak signal-to-noise ratio revisited: Is simple beautiful?},
  author={Korhonen, Jari and You, Junyong},
  booktitle={2012 Fourth International Workshop on Quality of Multimedia Experience},
  pages={37--38},
  year={2012},
  organization={IEEE}
}

@article{powers-fmeasure,
  title={Evaluation: from precision, recall and F-measure to ROC, informedness, markedness and correlation},
  author={Powers, David MW},
  journal={arXiv preprint arXiv:2010.16061},
  year={2011}
}

@inproceedings{wang-cdnet,
  title={CDnet 2014: An expanded change detection benchmark dataset},
  author={Wang, Yi and Jodoin, Pierre-Marc and Porikli, Fatih and Konrad, Janusz and Benezeth, Yannick and Ishwar, Prakash},
  booktitle={Proceedings of the IEEE conference on computer vision and pattern recognition workshops},
  pages={387--394},
  year={2014}
}

@article{bergstra2011algorithms,
  title={Algorithms for hyper-parameter optimization},
  author={Bergstra, James and Bardenet, R{\'e}mi and Bengio, Yoshua and K{\'e}gl, Bal{\'a}zs},
  journal={Advances in neural information processing systems},
  volume={24},
  year={2011}
}

@article{xu2016background,
  title={Background modeling methods in video analysis: A review and comparative evaluation},
  author={Xu, Yong and Dong, Jixiang and Zhang, Bob and Xu, Daoyun},
  journal={CAAI Transactions on Intelligence Technology},
  volume={1},
  number={1},
  pages={43--60},
  year={2016},
  publisher={Elsevier}
}

@article{tezcan2021bsuv,
  title={BSUV-Net 2.0: Spatio-Temporal Data Augmentations for Video-Agnostic Supervised Background Subtraction},
  author={Tezcan, M Ozan and Ishwar, Prakash and Konrad, Janusz},
  journal={IEEE Access},
  volume={9},
  pages={53849--53860},
  year={2021},
  publisher={IEEE}
}

@article{wang2004image,
  title={Image quality assessment: from error visibility to structural similarity},
  author={Wang, Zhou and Bovik, Alan C and Sheikh, Hamid R and Simoncelli, Eero P},
  journal={IEEE transactions on image processing},
  volume={13},
  number={4},
  pages={600--612},
  year={2004},
  publisher={IEEE}
}

@inproceedings{bernard2020novelty,
  title={Novelty Detection in Images Using Vector Quantization with Topological Learning},
  author={Bernard, Yann and Hueber, Nicolas and Girau, Bernard},
  booktitle={2020 27th IEEE International Conference on Electronics, Circuits and Systems (ICECS)},
  pages={1--4},
  year={2020},
  organization={IEEE}
}

@inproceedings{bernard2019novelty,
  title={Novelty detection with self-organizing maps for autonomous extraction of salient tracking features},
  author={Bernard, Yann and Hueber, Nicolas and Girau, Bernard},
  booktitle={International Workshop on Self-Organizing Maps},
  pages={100--109},
  year={2019},
  organization={Springer}
}
