@software{zohar_jackson_2018_1342401,
  author       = {Zohar Jackson and
                  CÃ©sar Souza and
                  Jason Flaks and
                  Yuxin Pan and
                  Hereman Nicolas and
                  Adhish Thite},
  title        = {Jakobovski/free-spoken-digit-dataset: v1.0.8},
  month        = aug,
  year         = 2018,
  publisher    = {Zenodo},
  version      = {v1.0.8}
}

@article{cottrell2018self,
  title={Self-organizing maps, theory and applications},
  author={Cottrell, Marie and Olteanu, Madalina and Rossi, Fabrice and Villa-Vialaneix, Nathalie},
  journal={Revista de Investigacion Operacional},
  volume={39},
  number={1},
  pages={1--22},
  year={2018}
}


@article{fiannaca2013simulated,
  title={Simulated annealing technique for fast learning of SOM networks},
  author={Fiannaca, Antonino and Di Fatta, Giuseppe and Rizzo, Riccardo and Urso, Alfonso and Gaglio, Salvatore},
  journal={Neural Computing and Applications},
  volume={22},
  number={5},
  pages={889--899},
  year={2013},
  publisher={Springer}
}

@article{oyana2012new,
  title={The new and computationally efficient MIL-SOM algorithm: potential benefits for visualization and analysis of a large-scale high-dimensional clinically acquired geographic data},
  author={Oyana, Tonny J and Achenie, Luke EK and Heo, Joon},
  journal={Computational and mathematical methods in medicine},
  year={2012},
  publisher={Hindawi}
}

@article{huang2017hardware,
  title={A hardware-efficient vector quantizer based on self-organizing map for high-speed image compression},
  author={Huang, Zunkai and Zhang, Xiangyu and Chen, Lei and Zhu, Yongxin and An, Fengwei and Wang, Hui and Feng, Songlin},
  journal={Applied Sciences},
  volume={7},
  number={11},
  pages={1106},
  year={2017},
  publisher={Multidisciplinary Digital Publishing Institute}
}

@article{abadi2018scalable,
  title={A scalable and adaptable hardware NoC-based self organizing map},
  author={Abadi, Mehdi and Jovanovic, Slavisa and Khalifa, Khaled Ben and Weber, Serge and Bedoui, Mohamed H{\'e}di},
  journal={Microprocessors and Microsystems},
  volume={57},
  pages={1--14},
  year={2018},
  publisher={Elsevier}
}

@book{polzlbauer2004survey,
  title={Survey and comparison of quality measures for self-organizing maps},
  author={P{\"o}lzlbauer, Georg},
  year={2004},
  publisher={na}
}

