@inproceedings{hu2021v2e,
  title={V2e: From video frames to realistic DVS events},
  author={Hu, Yuhuang and Liu, Shih-Chii and Delbruck, Tobi},
  booktitle={Proceedings of the IEEE/CVF Conference on Computer Vision and Pattern Recognition},
  pages={1312--1321},
  year={2021}
}

@article{gallego2019event,
  title={Event-based vision: A survey},
  author={Gallego, Guillermo and Delbruck, Tobi and Orchard, Garrick and Bartolozzi, Chiara and Taba, Brian and Censi, Andrea and Leutenegger, Stefan and Davison, Andrew and Conradt, J{\"o}rg and Daniilidis, Kostas and others},
  journal={arXiv preprint arXiv:1904.08405},
  year={2019}
}

@inproceedings{evanusa2019event,
  title={Event-based attention and tracking on neuromorphic hardware},
  author={Evanusa, Matthew and Sandamirskaya, Yulia and others},
  booktitle={Proceedings of the IEEE/CVF Conference on Computer Vision and Pattern Recognition Workshops},
  pages={0--0},
  year={2019}
}

@article{fix2011dynamic,
  title={A dynamic neural field approach to the covert and overt deployment of spatial attention},
  author={Fix, J{\'e}r{\'e}my and Rougier, Nicolas and Alexandre, Fr{\'e}d{\'e}ric},
  journal={Cognitive Computation},
  volume={3},
  number={1},
  pages={279--293},
  year={2011},
  publisher={Springer}
}
