@article{defelipe-cortical,
	title = {The neocortical column},
	volume = {6},
	issn = {16625129},
	url = {http://journal.frontiersin.org/article/10.3389/fnana.2012.00022/abstract},
	doi = {10.3389/fnana.2012.00022},
	urldate = {2021-03-09},
	journal = {Frontiers in Neuroanatomy},
	author = {DeFelipe, Javier},
	year = {2012},
}

@article{kohonen-som82,
  title={Self-organized formation of topologically correct feature maps},
  author={Kohonen, Teuvo},
  journal={Biological cybernetics},
  volume={43},
  number={1},
  pages={59--69},
  year={1982},
  publisher={Springer}
}

@book{kohonen-memory,
  title={Self-organization and associative memory},
  author={Kohonen, Teuvo},
  volume={8},
  year={2012},
  publisher={Springer Science \& Business Media}
}

@article{oja2003bibliography,
  title={Bibliography of self-organizing map (SOM) papers: 1998--2001 addendum},
  author={Oja, Merja and Kaski, Samuel and Kohonen, Teuvo},
  journal={Neural computing surveys},
  volume={3},
  number={1},
  pages={1--156},
  year={2003}
}

@online{bilbiography-finuni,
  title={Bibliography of self-organizing maps},
  author={Pöllä, Matti and Honkela, Timo and Kohonen, Teuvo},
  year={2011},
  url = {http://www.cis.hut.fi/research/refs/}
}

@article{cottrell2018self,
  title={Self-organizing maps, theory and applications},
  author={Cottrell, Marie and Olteanu, Madalina and Rossi, Fabrice and Villa-Vialaneix, Nathalie},
  journal={Revista de Investigacion Operacional},
  volume={39},
  number={1},
  pages={1--22},
  year={2018}
}

@inproceedings{bernard2018np,
  title={NP-SOM: network programmable self-organizing maps},
  author={Bernard, Yann and Buoy, Emeline and Fois, Adrien and Girau, Bernard},
  booktitle={2018 IEEE 30th international conference on tools with artificial intelligence (ICTAI)},
  pages={908--915},
  year={2018},
  organization={IEEE}
}
